4084 5117
470 428 541 511 m
923 379 1389 495 trn.lmv.m‘r.n.‘
1775 410 1786 419 '

476 510 1816 564 ...mm—*mm

107 566 118 637 Ῐ
239 588 242 593 ’
320 612 322 617 ·
400 636 424 683 ·‚
475 583 649 667 dantibus‘
659 582 824 687 pluribus
838 586 873 661 S.
890 586 923 661 S.
938 580 1033 661 locis'
1045 583 1176 691 probat
1189 583 1277 666 Seld
1296 588 1340 667 de
1360 586 1437 665 Ur.
1453 584 1597 667 Ebtaic.
1614 577 1657 654 L.
1665 609 1702 681 3.
1727 594 1826 679 d23.

392 738 404 751 ·
473 686 570 796 Mnj.
588 688 629 793 de
652 690 723 764 Ux.
743 681 868 793 Christ.
882 684 933 765 D.
944 716 986 786 3:
999 681 1051 763 th.
1072 688 1114 763 (ὅ.
1133 715 1177 789 17.
1197 690 1302 768 &aa
1352 681 1831 791 Adeoque(2)¹lul'lffi¹l⁰·
1916 727 1920 736 ⁴

473 814 524 869 ne
540 790 587 869 ad
604 790 718 869 solum
737 787 955 869 adulterium
971 788 1140 891 restringi
1159 790 1295 895 potest:
1321 816 1437 895 eaque
1460 815 1528 892 nec
1539 810 1662 875 mens,
1685 807 1755 863 nec
1768 787 1832 860 in-

289 906 293 916 '
420 918 426 929 '
476 896 595 973 tentio
611 895 814 973 Servatocis
829 894 915 971 suit.
968 894 1077 1002 Quod
1095 895 1141 990 (ς)
1157 894 1282 974 velex
1297 894 1491 986 occalrone
1511 891 1694 996 quaehuic
1711 888 1828 965 effato
1929 981 1936 996 .

107 1080 109 1091 ,
429 1012 459 1037 ’·
478 984 620 1076 mulam
637 1000 747 1089 dedit,
757 1011 930 1101 apparet:
960 1018 1043 1073 nam
1050 989 1604 1103 florebanttemporibusChristi
1621 994 1702 1071 duae
1718 993 1826 1070 scho-

259 1102 266 1113 ’
317 1110 366 1175 ·.
477 1101 534 1199 lae,
552 1098 859 1192 Sanmroeanorum,
878 1098 942 1200 qui
956 1099 1174 1193 afferebant,
1192 1122 1345 1182 uxorem
1362 1101 1484 1179 litltem
1497 1096 1756 1177 dinrittendam
1771 1093 1825 1170 ob
1912 1134 1916 1141 ·

283 1234 331 1303 ·,
410 1219 415 1229 ·
461 1200 554 1284 ‘rem
576 1218 637 1281 tur
662 1204 835 1293 itudinis,
854 1205 957 1305 juxta
975 1202 1088 1284 Dent.
1105 1200 1243 1282 XXIV.
1256 1234 1292 1283 v.
1303 1234 1326 1284 t.
1327 1204 1404 1311 sep.
1422 1206 1494 1283 ibi:
1557 1221 1654 1307 optet
1668 1196 1862 1305 aliquam

364 1394 367 1403 ,
477 1316 617 1413 turpino
641 1311 741 1385 inem.
792 1306 839 1383 Et
853 1300 1135 1397 Hillelianorum,
1158 1310 1222 1409 qui
1239 1332 1314 1387 non
1330 1302 1508 1386 tantumn
1546 1305 1827 1408 turpitudinem,
1868 1318 1872 1325 ’

475 1412 538 1489 led
557 1411 590 1486 8(
607 1410 653 1487 ob
671 1408 957 1513 qualemcunque
973 1408 1080 1485 aliam
1095 1414 1233 1487 caulam
1249 1432 1403 1492 uxorem
1416 1411 1547 1489 dimitti
1591 1408 1675 1499 olle,
1690 1402 1826 1481 statue-

129 1596 132 1603 ,
203 1528 207 1535 '
282 1522 289 1565 ·'
350 1523 388 1533 ’“
440 1512 576 1606 -bant,
586 1513 784 1615 allegantes
798 1529 936 1589 textum
950 1514 989 1586 in
999 1510 1109 1592 Deut.
1130 1514 1265 1591 XXIV.
1282 1544 1317 1592 v.
1335 1544 1357 1592 r.
1385 1540 1436 1621 eq.
1454 1514 1525 1591 ibi:
1562 1532 1656 1586 trion
1667 1508 1828 1614 placeret

215 1641 230 1661 ··
442 1638 445 1643 ·
477 1612 586 1695 oculis
600 1614 686 1722 ejrtt.
701 1612 849 1693 Hieron.
866 1614 916 1691 ad
927 1614 1020 1736 Ipssn'.
1031 1611 1113 1692 [IX
1132 1614 1264 1695 Mr'er.
1279 1620 1321 1696 de
1344 1620 1415 1695 tlr.
1437 1614 1558 1725 Christ.
1573 1608 1665 1721 Diffi
1673 1642 1709 1715 3.
1723 1606 1776 1689 th.
1789 1624 1837 1728 8·-

106 1720 108 1819 f
479 1716 568 1825 &p
618 1723 672 1797 De
681 1719 820 1795 hacllte
828 1718 991 1794 Phatilaei
1007 1645 1281 1820 interrogalant
1298 1718 1487 1810 Christum,
1505 1723 1568 1827 qui
1582 1721 1823 1795 Sammaeanor
1921 1732 1926 1749 ·

227 1864 231 1873 =
308 1896 314 1915 ,
369 1856 375 1867 ’
421 1913 427 1927 Ι
476 1820 1025 1922 secutusomniadivortiaextra
1042 1822 1281 1924 ropertusrve
1296 1846 1370 1899 rem
1379 1822 1626 1929 turpitudinis,
1635 1818 1820 1927 prohiberi
1877 1896 1881 1901 ,

298 1981 302 1993 ,
424 1938 443 1985 ’-
479 1929 549 2003 ait:
575 1924 684 2001 Cumi
711 1923 785 1997 itur
796 1924 845 2017 (4)
856 1942 901 1995 eo
919 1936 1082 2026 tempore
1098 1924 1405 2024 nullaJudaeorum
1415 1921 1648 2025 Sedasuerit,
1664 1918 1818 2029 quae,ob
1933 1995 1936 2020 ἢ

389 2080 393 2089 .
438 2090 441 2095 .
479 2024 596 2107 solum
615 1949 830 2107 adulterium
841 2027 1110 2103 matrimonium
1126 2028 1363 2108 dirimendum
1381 2031 1461 2120 elle,
1475 2026 1663 2118 statueret,
1677 2028 1833 2103 effatum

209 2208 212 2217 ⁸
481 2124 612 2206 &tristi
629 2125 729 2205 nulla
741 2130 884 2205 ratione
900 2149 945 2203 eo
962 2121 1129 2229 restringi
1147 2135 1295 2236 poterit.
1348 2134 1418 2210 Sed
1433 2134 1466 2209 8(
1482 2137 1526 2233 (5)
1548 2134 1771 2235 supervacua
1782 2122 1827 2199 8(
1848 2156 1852 2161 ·
1873 2146 1881 2163 ·

199 2226 242 2259 ”
330 2298 337 2317 ,
375 2256 382 2265 ·
479 2230 619 2311 inutilis
631 2228 752 2308 suisset
765 2228 826 2305 illa
843 2234 1023 2334 exceptio,
1039 2234 1125 2333 quia
1139 2258 1186 2314 ex
1200 2235 1524 2335 legeHebraeorum
1536 2233 1692 2313 adulteri
1704 2231 1829 2334 capite
1930 2248 1936 2271 ⁸

478 2328 743 2443 plestebantur,
760 2333 917 2433 indeque
926 2357 1000 2411 non
1020 2359 1087 2439 per
1102 2337 1310 2430 divortium,
1327 2339 1389 2418 sed
1402 2356 1519 2416 morte
1534 2336 1721 2422 vinculum
1730 2355 1829 2410 rutn-

438 2450 442 2455 '
479 2438 653 2544 pebatur:
675 2434 841 2540 adeoque
857 2436 918 2513 illa
936 2434 1073 2558 magneio
1095 2441 1139 2516 de
1153 2441 1238 2517 aliie
1248 2442 1444 2519 necessario
1461 2439 1574 2517 caulis
1590 2439 1757 2543 turpibus
1771 2439 1829 2512 in·
1859 2442 1863 2451 '

478 2540 760 2641 telligendaerit.
813 2539 907 2619 Nam
922 2550 968 2637 (6)
987 2566 1025 2615 m
1043 2545 1142 2645 turpi
1156 2544 1260 2620 caula
1275 2545 1378 2623 cellat
1395 2544 1456 2621 illa
1471 2550 1564 2622 ratio
1581 2538 1829 2646 impersestio-

398 2684 401 2690 =
479 2646 549 2737 nis,
562 2649 599 2721 in
614 2664 686 2745 qua
704 2641 785 2717 sola·
798 2644 948 2721 divortii
965 2646 1068 2721 causa
1081 2644 1274 2725 fundatur:
1302 2650 1453 2723 maritus
1465 2650 1571 2745 enim,
1589 2647 1652 2749 qui
1667 2646 1831 2723 odloha·
1861 2736 1873 2745 ν

307 2746 314 2757 ’
361 2772 365 2787 ’
480 2748 543 2845 bet
558 2739 838 2845 soeminanrjusta
855 2747 1028 2842 excausa,
1046 2747 1080 2820 8(
1095 2751 1158 2927 epti
1175 2747 1249 2827 stne
1265 2752 1392 2827 animae
1406 2748 1569 2855 periculo
1583 2772 1663 2827 cum
1679 2771 1828 2825 eacom·

451 2918 455 2927 .
481 2850 615 2927 motari
631 2849 771 2949 nequit,
779 2868 853 2920 non
871 2867 995 2954 peccat
1011 2874 1085 2925 eam
1122 2852 1306 2932 eletendo.
1355 2857 1488 2957 Neque
1498 2854 1547 2951 (7)
1564 2858 1746 2941 servator,
1764 2851 1828 2952 qui
1890 2918 1899 2929 .
1933 2856 1935 2863 '

484 2969 650 3033 mutuum
667 2974 824 3027 amorem
840 2958 930 3031 adeo
948 2958 1182 3047 commendat,
1197 2963 1335 3035 animos
1354 2980 1501 3059 cogere,
1520 2956 1553 3031 8(
1568 2956 1627 3035 vel
1643 2957 1691 3041 ad
1703 2954 1827 3057 delpe·
1889 3038 1894 3045 ¹

488 3060 667 3141 rationem
680 3053 742 3129 vel
754 3057 888 3155 majora
901 3076 1045 3160 peccata
1062 3061 1234 3161 conjuges
1248 3060 1389 3138 allicere
1405 3057 1569 3151 voluitle,
1583 3059 1740 3137 videtur.
1758 3056 1830 3133 Sed

445 3228 459 3241 ,.
491 3161 528 3235 8(
543 3181 551 3241 i
557 3162 590 3248 8)
608 3159 724 3263 ipsum
745 3159 889 3237 Paulum
898 3160 1046 3263 πορνεὶαυ
1062 3158 1158 3237 illam
1172 3189 1248 3239 non
1264 3166 1310 3241 de
1324 3164 1403 3242 solo
1418 3160 1596 3240 adulterio
1604 3157 1830 3248 intellexille,
1889 3253 1894 3259 .

246 3300 255 3307 ·
352 3282 357 3291 '
489 3262 551 3341 vel
564 3264 695 3341 exinde
710 3284 880 3366 apparet,
903 3267 987 3365 quia
1013 3264 1091 3364 ipse
1115 3283 1248 3367 praeter
1262 3267 1478 3344 adulterium
1492 3268 1601 3342 etiam
1613 3260 1830 3339 malitiosam
1863 3328 1867 3333 .

488 3365 725 3443 desertionem
742 3389 810 3472 pro
825 3362 914 3470 justa
929 3365 1078 3443 divortii
1095 3367 1349 3460 causalrabuit,
1368 3398 1389 3446 r.
1405 3368 1485 3446 Cor.
1500 3396 1535 3469 7.
1584 3370 1665 3444 Nec
1686 3370 1742 3462 (9)
1782 3366 1835 3441 ri·
1860 3466 1866 3475 .

488 3489 546 3545 ma
561 3466 715 3545 Ecclefia
731 3467 818 3543 alias
842 3468 963 3545 causas
977 3464 1142 3559 exclufit,
1167 3490 1248 3549 nam
1264 3471 1589 3578 exempla'en’ama
1604 3390 1833 3572 tenporilus
1934 3529 1935 3543 ,

164 3662 171 3669 ·
487 3562 745 3673 Apostolorum
770 3566 926 3659 exstant,
955 3568 1015 3645 ubi
1043 3593 1178 3668 tutores
1198 3577 1303 3652 vitos
1328 3580 1411 3655 suos
1440 3573 1605 3653 infideles
1627 3576 1831 3653 deseruere.
1867 3623 1878 3675 3
1933 3619 1934 3622 =

225 3710 228 3717 ¹
342 3726 347 3738 ·
490 3667 602 3779 Lynk.
617 3672 656 3748 de
679 3672 737 3774 tlſs
750 3670 990 3771 Diijeiirp.
1007 3696 1051 3748 m.
1069 3700 1101 3749 2.
1156 3676 1263 3755 Unde
1278 3684 1352 3769 (to)
1372 3679 1604 3757 Maldonatus
1625 3680 1688 3755 sex
1705 3676 1831 3753 causas
1932 3741 1934 3767 ,

273 3857 278 3867 ,
491 3779 641 3855 divortii
656 3798 702 3851 ex
716 3779 869 3855 decretis
881 3770 1045 3853 Ecclesrae
1060 3783 1223 3873 notavit,
1242 3780 1314 3859 scil.
1329 3784 1512 3872 saevitiam,
1528 3783 1702 3872 furorem,
1718 3782 1832 3857 h'aere-
1933 3855 1934 3866 ,

393 3898 398 3904 '
423 3894 426 3903 ’
489 3880 554 3971 fin,
573 3877 782 3978 sodomiam,
800 3878 826 3959 fi
841 3904 888 3957 ex
902 3879 1170 3957 cohabitatione
1180 3888 1483 3985 graveimmineot
1495 3886 1853 3992 periculumlmu„
1888 3937 1901 3951 .
1933 3897 1934 3976 ᾗ

262 4024 314 4049 .·
395 3978 1420 4095 ·,·tuumdilsensum.SpandDudEvang.147.s.3.
1471 3983 1540 4067 Sed
1559 3991 1594 4066 8(
1610 3994 1669 4088 (nl
1686 3986 1834 4088 religio
1931 4003 1935 4040 ⁸

489 4080 635 4161 fillimos
650 4082 892 4190 Imperatores
906 4110 1032 4167 vocem
1056 4086 1151 4166 illam
1165 4086 1309 4195 negarim
1333 4092 1552 4194 generaliter
1572 4096 1838 4199 interpretatos.
1917 4103 1922 4115 ‘

400 4212 408 4221 ·
493 4185 582 4275 elle,
596 4186 791 4367 plurerpue
806 4193 954 4269 divortii
973 4192 1095 4269 caulas
1108 4190 1279 4291 liacullst,
1305 4199 1393 4298 quin
1411 4197 1506 4275 &ex
1522 4194 1650 4300 injusta
1666 4196 1770 4274 causa
1784 4194 1837 4271 di·

495 4294 627 4377 vortia,
644 4316 719 4393 prae
750 4294 800 4368 ita
815 4290 936 4370 saltem
952 4319 1070 4399 pona,
1090 4293 1291 4401 permililie,
1306 4300 1414 4403 supra
1430 4299 1564 4379 distum
1581 4298 1763 4401 est,tquod
1776 4291 1843 4377 vel
1886 4328 1894 4341 ·

284 4418 295 4433 ·
399 4400 401 4405 ’
495 4388 563 4497 ipsr
576 4414 653 4502 non
666 4392 815 4489 facturi,
830 4394 892 4477 vel
903 4396 1044 4509 Patres,
1062 4420 1109 4478 eo
1127 4415 1291 4506 tempore
1302 4405 1471 4484 viventes
1476 4462 1490 4501 ,
1513 4428 1588 4500 nom
1604 4404 1737 4510 paliuri
1743 4389 1870 4585 shuts
1933 4485 1934 4490 Ν

514 4518 533 4533 .
657 4520 661 4531 ,
730 4527 736 4536 .
1602 4580 1613 4594 Ι
1759 4526 1838 4596 m,
1925 4546 1934 4557 .
